<record><leader>00000cas a2200000 a 4500</leader><controlfield tag="001">25450500</controlfield><controlfield tag="008">920311d19912002nyuwr ne      0   b0ger c</controlfield><datafield ind1=" " ind2=" " tag="010"><subfield code="a">sn 92004468 </subfield></datafield><datafield ind1=" " ind2=" " tag="040"><subfield code="a">NSD</subfield><subfield code="b">eng</subfield><subfield code="c">NSD</subfield><subfield code="d">NYS</subfield><subfield code="d">DLC</subfield><subfield code="d">NYS</subfield><subfield code="d">DLC</subfield><subfield code="d">NSD</subfield><subfield code="d">OCLCQ</subfield><subfield code="d">OCLCF</subfield><subfield code="d">NYG</subfield><subfield code="d">OCLCO</subfield></datafield><datafield ind1=" " ind2=" " tag="012"><subfield code="j">1</subfield><subfield code="m">d</subfield></datafield><datafield ind1="0" ind2=" " tag="022"><subfield code="a">1061-7604</subfield><subfield code="l">1061-7604</subfield><subfield code="2">1</subfield></datafield><datafield ind1="1" ind2=" " tag="029"><subfield code="a">AU@</subfield><subfield code="b">000020698703</subfield></datafield><datafield ind1=" " ind2=" " tag="037"><subfield code="a">Felix Productions, Inc., 130 W. 29th St., New York, NY 10001</subfield></datafield><datafield ind1=" " ind2=" " tag="042"><subfield code="a">nsdp</subfield><subfield code="a">pcc</subfield></datafield><datafield ind1=" " ind2=" " tag="043"><subfield code="a">n-us-ny</subfield></datafield><datafield ind1="0" ind2="0" tag="050"><subfield code="a">Newspaper</subfield></datafield><datafield ind1="1" ind2="0" tag="082"><subfield code="a">071</subfield><subfield code="2">12</subfield></datafield><datafield ind1="0" ind2=" " tag="210"><subfield code="a">N.Y. Staats-Ztg.</subfield><subfield code="b">(1991)</subfield></datafield><datafield ind1=" " ind2="0" tag="222"><subfield code="a">New Yorker Staats-Zeitung</subfield><subfield code="b">(1991)</subfield></datafield><datafield ind1="0" ind2="0" tag="245"><subfield code="a">New Yorker Staats-Zeitung.</subfield></datafield><datafield ind1="3" ind2=" " tag="246"><subfield code="a">New Yorker Staats Zeitung</subfield></datafield><datafield ind1="1" ind2="7" tag="246"><subfield code="a">Staats-Zeitung und Herold</subfield></datafield><datafield ind1=" " ind2=" " tag="260"><subfield code="a">New York, N.Y. :</subfield><subfield code="b">Felix Productions, Inc.,</subfield><subfield code="c">1991-2002.</subfield></datafield><datafield ind1=" " ind2=" " tag="300"><subfield code="a">v.</subfield></datafield><datafield ind1=" " ind2=" " tag="310"><subfield code="a">Weekly</subfield></datafield><datafield ind1="0" ind2=" " tag="362"><subfield code="a">157. Jahrg., Nr. 4 (19./25. Jan. 1991)-Nr. 32/168 Jahr. (10-16 Aug. 2002).</subfield></datafield><datafield ind1=" " ind2=" " tag="500"><subfield code="a">"Fu&#776;r weltbu&#776;rger Deutscher Sprache."</subfield></datafield><datafield ind1=" " ind2=" " tag="500"><subfield code="a">Includes sections: New Jersey herold; Philadelphia gazette-democrat; and, Florida express.</subfield></datafield><datafield ind1=" " ind2=" " tag="530"><subfield code="a">Available on microfilm from Mikrofilmarchiv der Deutschsprachigen Presse e.V.</subfield></datafield><datafield ind1=" " ind2=" " tag="546"><subfield code="a">In German.</subfield></datafield><datafield ind1=" " ind2="0" tag="650"><subfield code="a">Germans</subfield><subfield code="z">New York (State)</subfield><subfield code="v">Newspapers.</subfield></datafield><datafield ind1=" " ind2="0" tag="650"><subfield code="a">German Americans</subfield><subfield code="z">New York (State)</subfield><subfield code="v">Newspapers.</subfield></datafield><datafield ind1=" " ind2="0" tag="651"><subfield code="a">New York (N.Y.)</subfield><subfield code="v">Newspapers.</subfield></datafield><datafield ind1=" " ind2="0" tag="651"><subfield code="a">New York County (N.Y.)</subfield><subfield code="v">Newspapers.</subfield></datafield><datafield ind1=" " ind2="7" tag="650"><subfield code="a">German Americans.</subfield><subfield code="2">fast</subfield><subfield code="0">(OCoLC)fst00941308</subfield></datafield><datafield ind1=" " ind2="7" tag="650"><subfield code="a">Germans.</subfield><subfield code="2">fast</subfield><subfield code="0">(OCoLC)fst00942100</subfield></datafield><datafield ind1=" " ind2="7" tag="651"><subfield code="a">New York (State)</subfield><subfield code="2">fast</subfield><subfield code="0">(OCoLC)fst01210280</subfield></datafield><datafield ind1=" " ind2="7" tag="651"><subfield code="a">New York (State)</subfield><subfield code="z">New York.</subfield><subfield code="2">fast</subfield><subfield code="0">(OCoLC)fst01204333</subfield></datafield><datafield ind1=" " ind2="7" tag="651"><subfield code="a">New York (State)</subfield><subfield code="z">New York County.</subfield><subfield code="2">fast</subfield><subfield code="0">(OCoLC)fst01234953</subfield></datafield><datafield ind1=" " ind2="7" tag="655"><subfield code="a">Newspapers.</subfield><subfield code="2">fast</subfield><subfield code="0">(OCoLC)fst01423814</subfield></datafield><datafield ind1="0" ind2="2" tag="740"><subfield code="a">New Jersey herold.</subfield></datafield><datafield ind1="0" ind2="2" tag="740"><subfield code="a">Philadelphia gazette-democrat.</subfield></datafield><datafield ind1="0" ind2="2" tag="740"><subfield code="a">Florida express.</subfield></datafield><datafield ind1=" " ind2=" " tag="752"><subfield code="a">United States</subfield><subfield code="b">New York</subfield><subfield code="c">New York</subfield><subfield code="d">New York.</subfield></datafield><datafield ind1="0" ind2="0" tag="780"><subfield code="t">New Yorker Staats-Zeitung und Herold</subfield><subfield code="x">1050-4591</subfield><subfield code="w">(DLC)sn 83045726</subfield><subfield code="w">(OCoLC)5741136</subfield></datafield><datafield ind1="0" ind2="0" tag="785"><subfield code="t">New Yorker Staats-Zeitung &amp; Jes Rau's German times</subfield><subfield code="x">1542-1465</subfield><subfield code="w">(DLC)  2002212768</subfield><subfield code="w">(OCoLC)50816421</subfield></datafield></record>